@PHDTHESIS {bierman1993,
    author = "G.M. Bierman",
    title  = "On Intuitionistic Linear Logic",
    school = "University of Cambridge",
    year   = "1993"
}